%% Bibtex file for my thesis
%% Organized by chapter and section

%% Chapter: Razor Boost 

% Section: razor variables
@article{rogan,
         author = "Rogan, Christopher",
         title = "{Kinematical variables towards new dynamics at the LHC}",
         year="2010",
         archivePrefix="arXiv",
         primaryClass   = "hep-ph",
         eprint="1006.2727",
         reportNumber = "CALT-68-2790"
}
@phdthesis{Rogan:1557072,
      author        = "Rogan, Christopher Sean and Spiropulu, Maria",
      title         = "{Searches for new symmetries in pp collisions with the
                       razor kinematic variables at $\sqrt{s}$ = 7 TeV}",
      school        = "Caltech",
      year          = "2013",
      note          = "presented 12 Feb 2013",
}